
@article{ziebart2010modeling,
  title={Modeling purposeful adaptive behavior with the principle of maximum causal entropy},
  author={Ziebart, Brian D},
  year={2010}
}


@inproceedings{levine2011nonlinear,
  title={Nonlinear inverse reinforcement learning with gaussian processes},
  author={Levine, Sergey and Popovic, Zoran and Koltun, Vladlen},
  booktitle={Advances in Neural Information Processing Systems},
  pages={19--27},
  year={2011}
}

@inproceedings{kakade2002approximately,
  title={Approximately optimal approximate reinforcement learning},
  author={Kakade, Sham and Langford, John}
}
@inproceedings{schulman2015trust,
  title={Trust Region Policy Optimization.},
  author={Schulman, John and Levine, Sergey and Jordan, Michael I}
}