@article{argall2009survey,
  title={A survey of robot learning from demonstration},
  author={Argall, Brenna D and Chernova, Sonia and Veloso, Manuela and Browning, Brett},
  journal={Robotics and autonomous systems},
  volume={57},
  number={5},
  pages={469--483},
  year={2009},
  publisher={Elsevier}
}
@book{hbr,
  title={Springer handbook of robotics},
  author={Siciliano, Bruno and Khatib, Oussama},
  year={2016},
  publisher={Springer}
}
@inproceedings{fbm,
  title={Learning force-based manipulation of deformable objects from multiple demonstrations},
  author={Lee, Alex X and Lu, Henry and Gupta, Abhishek and Levine, Sergey and Abbeel, Pieter},
  booktitle={Robotics and Automation (ICRA), 2015 IEEE International Conference on},
  pages={177--184},
  year={2015},
  organization={IEEE}
}
@incollection{invheli,
  title={Autonomous inverted helicopter flight via reinforcement learning},
  author={Ng, Andrew Y and Coates, Adam and Diel, Mark and Ganapathi, Varun and Schulte, Jamie and Tse, Ben and Berger, Eric and Liang, Eric},
  booktitle={Experimental Robotics IX},
  pages={363--372},
  year={2006},
  publisher={Springer}
}

@techreport{speech,
  title={The Social Mechanisms of Robot Programming By Demonstration},
  author={Billard, Aude and Dillmann, Ruediger},
  year={2006},
  institution={Elsevier}
}

@article{shad,
  title={f 3 Imitation as a Dual-Route Process Featuring Predictive and Learning Components; 4 Biologically Plausible Computational Model},
  author={Demiris, John and Hayes, Gillian},
  journal={Imitation in animals and artifacts},
  volume={327},
  year={2002}
}

@inproceedings{car,
  title={Confidence-based policy learning from demonstration using gaussian mixture models},
  author={Chernova, Sonia and Veloso, Manuela},
  booktitle={Proceedings of the 6th international joint conference on Autonomous agents and multiagent systems},
  pages={233},
  year={2007},
  organization={ACM}
}

@inproceedings{brys2015reinforcement,
  title={Reinforcement Learning from Demonstration through Shaping.},
  author={Brys, Tim and Harutyunyan, Anna and Suay, Halit Bener and Chernova, Sonia and Taylor, Matthew E and Now{\'e}, Ann}
}

@inproceedings{irl,
  title={Apprenticeship learning via inverse reinforcement learning},
  author={Abbeel, Pieter and Ng, Andrew Y},
  booktitle={Proceedings of the twenty-first international conference on Machine learning},
  pages={1},
  year={2004},
  organization={ACM}
}

@inproceedings{mcts,
  title={Deep learning for real-time Atari game play using offline Monte-Carlo tree search planning},
  author={Guo, Xiaoxiao and Singh, Satinder and Lee, Honglak and Lewis, Richard L and Wang, Xiaoshi},
  booktitle={Advances in neural information processing systems},
  pages={3338--3346},
  year={2014}
}

@article{ziebart2010modeling,
  title={Modeling purposeful adaptive behavior with the principle of maximum causal entropy},
  author={Ziebart, Brian D},
  year={2010}
}

@inproceedings{chao2011towards,
  title={Towards grounding concepts for transfer in goal learning from demonstration},
  author={Chao, Crystal and Cakmak, Maya and Thomaz, Andrea L},
  booktitle={Development and Learning (ICDL), 2011 IEEE International Conference on},
  volume={2},
  pages={1--6},
  year={2011},
  organization={IEEE}
}

@inproceedings{fitzgerald2015skill,
  title={Skill demonstration transfer for learning from demonstration},
  author={Fitzgerald, Tesca and Thomaz, Andrea L},
  booktitle={Proceedings of the Tenth Annual ACM/IEEE International Conference on Human-Robot Interaction Extended Abstracts},
  pages={187--188},
  year={2015},
  organization={ACM}
}

@article{fault,
  title={Faulty Reward Functions in the Wild},
  author={Dario Amodei and Jack Clark},
  year={2016}
  }
