
@article{williams1992simple,
  title={Simple statistical gradient-following algorithms for connectionist reinforcement learning},
  author={Williams, Ronald J},
  journal={Machine learning},
  volume={8},
  number={3-4},
  pages={229--256},
  year={1992},
  publisher={Springer}
}

@article{greensmith2004variance,
  title={Variance reduction techniques for gradient estimates in reinforcement learning},
  author={Greensmith, Evan and Bartlett, Peter L and Baxter, Jonathan},
  journal={Journal of Machine Learning Research},
  volume={5},
  number={Nov},
  pages={1471--1530},
  year={2004}
}

@inproceedings{kakade2002approximately,
  title={Approximately optimal approximate reinforcement learning},
  author={Kakade, Sham and Langford, John}
}

@inproceedings{schulman2015trust,
  title={Trust Region Policy Optimization.},
  author={Schulman, John and Levine, Sergey and Jordan, Michael I}
}