@inproceedings{glatt2016towards,
  title={Towards Knowledge Transfer in Deep Reinforcement Learning},
  author={Glatt, Ruben and da Silva, Felipe Leno and Costa, Anna Helena Reali},
  booktitle={Intelligent Systems (BRACIS), 2016 5th Brazilian Conference on},
  pages={91--96},
  year={2016},
  organization={IEEE}
}
@article{taylor2009transfer,
  title={Transfer learning for reinforcement learning domains: A survey},
  author={Taylor, Matthew E and Stone, Peter},
  journal={Journal of Machine Learning Research},
  volume={10},
  number={Jul},
  pages={1633--1685},
  year={2009}
}
