@inproceedings{ye2011demonstration,
  title={Demonstration-guided motion planning},
  author={Ye, Gu and Alterovitz, Ron}
}

@article{li2015spatial,
  title={Spatial Map of Synthesized Criteria for the Redundancy Resolution of Human Arm Movements},
  author={Li, Zhi and Milutinovic, Dejan and Rosen, Jacob},
  journal={IEEE Transactions on Neural Systems and Rehabilitation Engineering},
  volume={23},
  number={6},
  pages={1020--1030},
  year={2015},
  publisher={IEEE}
}

@article{soechting1995moving,
  title={Moving effortlessly in three dimensions: does Donders' law apply to arm movement?},
  author={Soechting, John F and Buneo, Christopher A and Herrmann, Uta and Flanders, Martha},
  journal={Journal of Neuroscience},
  volume={15},
  number={9},
  pages={6271--6280},
  year={1995},
  publisher={Soc Neuroscience}
}

@inproceedings{lim2005movement,
  title={Movement primitives, principal component analysis, and the efficient generation of natural motions},
  author={Lim, Bokman and Ra, Syungkwon and Park, Frank C},
  booktitle={Robotics and Automation, 2005. ICRA 2005. Proceedings of the 2005 IEEE International Conference on},
  pages={4630--4635},
  year={2005},
  organization={IEEE}
}

@inproceedings{todorov2006linearly,
  title={Linearly-solvable Markov decision problems},
  author={Todorov, Emanuel and others}
}

@inproceedings{ziebart2008maximum,
  title={Maximum Entropy Inverse Reinforcement Learning.},
  author={Ziebart, Brian D and Maas, Andrew L and Bagnell, J Andrew and Dey, Anind K},
  year={2008}
}

@inproceedings{abbeel2004apprenticeship,
  title={Apprenticeship learning via inverse reinforcement learning},
  author={Abbeel, Pieter and Ng, Andrew Y},
  booktitle={Proceedings of the twenty-first international conference on Machine learning},
  pages={1},
  year={2004},
  organization={ACM}
}