@inproceedings{abbeel2004apprenticeship,
  title={Apprenticeship learning via inverse reinforcement learning},
  author={Abbeel, Pieter and Ng, Andrew Y},
  booktitle={Proceedings of the twenty-first international conference on Machine learning},
  pages={1},
  year={2004},
  organization={ACM}
}
@article{russell1995modern,
  title={A modern approach},
  author={Russell, Stuart and Norvig, Peter},
  year={1995},
  publisher={Citeseer}
}
@article{levine2012continuous,
  title={Continuous inverse optimal control with locally optimal examples},
  author={Levine, Sergey and Koltun, Vladlen},
  journal={arXiv preprint arXiv:1206.4617},
  year={2012}
}
@inproceedings{levine2011nonlinear,
  title={Nonlinear inverse reinforcement learning with gaussian processes},
  author={Levine, Sergey and Popovic, Zoran and Koltun, Vladlen},
  booktitle={Advances in Neural Information Processing Systems},
  pages={19--27},
  year={2011}
}