@phdthesis{castro2011planning,
  title={On planning, prediction and knowledge transfer in Fully and Partially Observable Markov Decision Processes},
  author={Castro, Pablo Samuel},
  year={2011},
  school={McGill University}
}

@inproceedings{ferns2004metrics,
  title={Metrics for finite Markov decision processes},
  author={Ferns, Norm and Panangaden, Prakash and Precup, Doina},
  booktitle={Proceedings of the 20th conference on Uncertainty in artificial intelligence},
  pages={162--169},
  year={2004},
  organization={AUAI Press}
}