@inproceedings{ziebart2008maximum,
  title={Maximum Entropy Inverse Reinforcement Learning.},
  author={Ziebart, Brian D and Maas, Andrew L and Bagnell, J Andrew and Dey, Anind K},
  year={2008}
}
@inproceedings{ml,
  title={MAchine Learning ColumbiaX},
  booktitle = "\url{https://courses.edx.org/courses/course-v1:ColumbiaX+CSMM.102x+1T2017/courseware}"
}
@article{mccullagh2008many,
  title={How many clusters?},
  author={McCullagh, Peter and Yang, Jie and others},
  journal={Bayesian Analysis},
  volume={3},
  number={1},
  pages={101--120},
  year={2008},
  publisher={International Society for Bayesian Analysis}
}


