
@article{ziebart2010modeling,
  title={Modeling purposeful adaptive behavior with the principle of maximum causal entropy},
  author={Ziebart, Brian D},
  year={2010}
}




@inproceedings{levine2011nonlinear,
  title={Nonlinear inverse reinforcement learning with gaussian processes},
  author={Levine, Sergey and Popovic, Zoran and Koltun, Vladlen},
  booktitle={Advances in Neural Information Processing Systems},
  pages={19--27},
  year={2011}
}
@article{asadi2016new,
  title={A New Softmax Operator for Reinforcement Learning},
  author={Asadi, Kavosh and Littman, Michael L},
  journal={arXiv preprint arXiv:1612.05628},
  year={2016}
}

@inproceedings{bloem2014infinite,
  title={Infinite time horizon maximum causal entropy inverse reinforcement learning},
  author={Bloem, Michael and Bambos, Nicholas},
  booktitle={Decision and Control (CDC), 2014 IEEE 53rd Annual Conference on},
  pages={4911--4916},
  year={2014},
  organization={IEEE}
}

@inproceedings{ziebart2008maximum,
  title={Maximum Entropy Inverse Reinforcement Learning.},
  author={Ziebart, Brian D and Maas, Andrew L and Bagnell, J Andrew and Dey, Anind K},
  year={2008}
}

@inproceedings{dvijotham2010inverse,
  title={Inverse optimal control with linearly-solvable MDPs},
  author={Dvijotham, Krishnamurthy and Todorov, Emanuel},
  booktitle={Proceedings of the 27th International Conference on Machine Learning (ICML-10)},
  pages={335--342},
  year={2010}
}
@inproceedings{todorov2006linearly,
  title={Linearly-solvable Markov decision problems},
  author={Todorov, Emanuel and others}
}

@inproceedings{levine2010feature,
  title={Feature construction for inverse reinforcement learning},
  author={Levine, Sergey and Popovic, Zoran and Koltun, Vladlen},
  booktitle={Advances in Neural Information Processing Systems},
  pages={1342--1350},
  year={2010}
}
@article{quinonero2005unifying,
  title={A unifying view of sparse approximate Gaussian process regression},
  author={Qui{\~n}onero-Candela, Joaquin and Rasmussen, Carl Edward},
  journal={Journal of Machine Learning Research},
  volume={6},
  number={Dec},
  pages={1939--1959},
  year={2005}
}
@article{russell1995modern,
  title={A modern approach},
  author={Russell, Stuart and Norvig, Peter},
  year={1995},
  publisher={Citeseer}
}