
@inproceedings{hansen1996adapting,
  title={Adapting arbitrary normal mutation distributions in evolution strategies: The covariance matrix adaptation},
  author={Hansen, Nikolaus and Ostermeier, Andreas},
  booktitle={Evolutionary Computation, 1996., Proceedings of IEEE International Conference on},
  pages={312--317},
  year={1996},
  organization={IEEE}
}

@phdthesis{ng2003shaping,
  title={Shaping and policy search in reinforcement learning},
  author={Ng, Andrew Y},
  year={2003},
  school={University of California, Berkeley}
}


@article{theodorou2010generalized,
  title={A generalized path integral control approach to reinforcement learning},
  author={Theodorou, Evangelos and Buchli, Jonas and Schaal, Stefan},
  journal={Journal of Machine Learning Research},
  volume={11},
  number={Nov},
  pages={3137--3181},
  year={2010}
}

@inproceedings{kober2009policy,
  title={Policy search for motor primitives in robotics},
  author={Kober, Jens and Peters, Jan R},
  booktitle={Advances in neural information processing systems},
  pages={849--856},
  year={2009}
}
@article{baxter2001infinite,
  title={Infinite-horizon policy-gradient estimation},
  author={Baxter, Jonathan and Bartlett, Peter L},
  journal={Journal of Artificial Intelligence Research},
  volume={15},
  pages={319--350},
  year={2001}
}
@inproceedings{schulman2015trust,
  title={Trust Region Policy Optimization.},
  author={Schulman, John and Levine, Sergey and Jordan, Michael I}
}


@inproceedings{van2016deep,
  title={Deep Reinforcement Learning with Double Q-Learning.},
  author={Van Hasselt, Hado and Guez, Arthur and Silver, David},
  year={2016}
}

@inproceedings{Salimans2017Evolution,
  title={Evolution Strategies as a Scalable Alternative to Reinforcement Learning}
}

@inproceedings{Salimans2017Evolution,
  title={Evolution Strategies as a Scalable Alternative to Reinforcement Learning}
}
